<?xml version="1.0" encoding="UTF-8"?><record xmlns="http://www.loc.gov/MARC21/slim" xmlns:cinclude="http://apache.org/cocoon/include/1.0" xmlns:zs="http://www.loc.gov/zing/srw/">
  <leader>00385nz  a2200121n  4500</leader>
  <controlfield tag="001">n  92084567 </controlfield>
  <controlfield tag="003">DLC</controlfield>
  <controlfield tag="005">19920822130416.9</controlfield>
  <controlfield tag="008">920822n| acannaab|          |n ana |||  </controlfield>
  <datafield tag="010" ind1=" " ind2=" ">
    <subfield code="a">n  92084567 </subfield>
  </datafield>
  <datafield tag="040" ind1=" " ind2=" ">
    <subfield code="a">DLC</subfield>
    <subfield code="c">DLC</subfield>
  </datafield>
  <datafield tag="110" ind1="2" ind2="0">
    <subfield code="a">Elgin Electric Company</subfield>
  </datafield>
  <datafield tag="670" ind1=" " ind2=" ">
    <subfield code="a">NUCMC data from Chicago Hist. Soc., Archives and Mss. Dept. (Ill.) for Bowen, G.S. Papers, 1856-1928</subfield>
    <subfield code="b">(Elgin Electric Company)</subfield>
  </datafield>
</record>